<record><leader>00000cas a2200000 a 4500</leader><controlfield tag="001">206480045</controlfield><controlfield tag="008">080225d19651970cauwr ne      0    0eng c</controlfield><datafield ind1=" " ind2=" " tag="010"><subfield code="a">sn2008060107</subfield></datafield><datafield ind1=" " ind2=" " tag="040"><subfield code="a">CNK</subfield><subfield code="b">eng</subfield><subfield code="c">CNK</subfield><subfield code="d">OCLCQ</subfield><subfield code="d">OCLCF</subfield><subfield code="d">OCLCO</subfield></datafield><datafield ind1=" " ind2=" " tag="042"><subfield code="a">pcc</subfield></datafield><datafield ind1=" " ind2=" " tag="043"><subfield code="a">n-us-ca</subfield></datafield><datafield ind1="0" ind2="0" tag="245"><subfield code="a">Sonoma State steppes.</subfield></datafield><datafield ind1="1" ind2=" " tag="246"><subfield code="i">Published as:</subfield><subfield code="a">Sonoma State College steppes</subfield><subfield code="f">Feb. 17-Mar. 31, 1967; Oct. 10-31, 1969</subfield></datafield><datafield ind1="1" ind2=" " tag="246"><subfield code="i">Published as:</subfield><subfield code="a">Steppes</subfield><subfield code="f">Apr. 24, 1969</subfield></datafield><datafield ind1="1" ind2=" " tag="246"><subfield code="i">Published as:</subfield><subfield code="a">Seppets</subfield><subfield code="f">Sept. 29, 1969</subfield></datafield><datafield ind1="1" ind2=" " tag="246"><subfield code="i">Published as:</subfield><subfield code="a">Steppes from Sonoma State</subfield><subfield code="f">Dec. 3, 1969</subfield></datafield><datafield ind1=" " ind2=" " tag="260"><subfield code="a">Rohnert Park, Calif. :</subfield><subfield code="b">Associated Students of Sonoma State College</subfield></datafield><datafield ind1=" " ind2=" " tag="300"><subfield code="a">v.</subfield></datafield><datafield ind1=" " ind2=" " tag="310"><subfield code="a">Weekly</subfield></datafield><datafield ind1="0" ind2=" " tag="362"><subfield code="a">Vol. 5, no. 1 (Sept. 17, 1965)-</subfield></datafield><datafield ind1=" " ind2=" " tag="500"><subfield code="a">Publication moved to Cotati, Calif., Feb. 9, 1970.</subfield></datafield><datafield ind1=" " ind2="0" tag="650"><subfield code="a">College students</subfield><subfield code="z">California</subfield><subfield code="v">Newspapers.</subfield></datafield><datafield ind1=" " ind2="0" tag="651"><subfield code="a">Rohnert Park (Calif.)</subfield><subfield code="v">Newspapers.</subfield></datafield><datafield ind1=" " ind2="7" tag="655"><subfield code="a">Newspapers.</subfield><subfield code="2">fast</subfield><subfield code="0">(OCoLC)fst01423814</subfield></datafield><datafield ind1=" " ind2="7" tag="650"><subfield code="a">College students.</subfield><subfield code="2">fast</subfield><subfield code="0">(OCoLC)fst00867976</subfield></datafield><datafield ind1=" " ind2="7" tag="651"><subfield code="a">California.</subfield><subfield code="2">fast</subfield><subfield code="0">(OCoLC)fst01204928</subfield></datafield><datafield ind1=" " ind2="7" tag="651"><subfield code="a">California</subfield><subfield code="z">Rohnert Park.</subfield><subfield code="2">fast</subfield><subfield code="0">(OCoLC)fst01214302</subfield></datafield><datafield ind1=" " ind2=" " tag="752"><subfield code="a">United States</subfield><subfield code="b">California</subfield><subfield code="c">Sonoma</subfield><subfield code="d">Rohnert Park.</subfield></datafield><datafield ind1=" " ind2=" " tag="752"><subfield code="a">United States</subfield><subfield code="b">California</subfield><subfield code="c">Sonoma</subfield><subfield code="d">Cotati.</subfield></datafield><datafield ind1="0" ind2="0" tag="780"><subfield code="t">Steppes (Rohnert Park, Calif.)</subfield><subfield code="w">(DLC)sn2008060106</subfield></datafield><datafield ind1="0" ind2="0" tag="785"><subfield code="t">Outlaw steppes</subfield><subfield code="w">(DLC)sn2008060108</subfield></datafield></record>